@book{Norman02,
  abstract = {First, businesses discovered quality as a key competitive edge; next came service. Now, Donald A. Norman, former Director of the Institute for Cognitive Science at the University of California, reveals how smart design is the new competitive frontier. The Design of Everyday Things is a powerful primer on how and why some products satisfy customers while others only frustrate them.},
  added-at = {2012-05-30T11:06:53.000+0200},
  address = {New York},
  author = {Norman, Donald A.},
  biburl = {http://www.bibsonomy.org/bibtex/23fa27aa09c4a244762ac03019e4a4bd3/flint63},
  edition = {Reprint Paperback},
  file = {Amazon Search inside:http\://www.amazon.de/gp/reader/0465067107/:URL},
  groups = {public},
  interhash = {c6fd1560a6892285580779b96140f88c},
  intrahash = {3fa27aa09c4a244762ac03019e4a4bd3},
  isbn = {0-465-06710-7},
  keywords = {v1205 book cognitive science user interface design},
  publisher = {Basic Books},
  timestamp = {2012-05-30T11:06:53.000+0200},
  title = {The Design of Everyday Things},
  username = {flint63},
  year = 2002
}
@ONLINE{affordancesMads,
author = {Soegaard, Mads },
title = {Affordances},
month = dec,
year = {2003},
url = {http://www.interaction-design.org/encyclopedia/affordances.html}
}


@ONLINE{stoveMapping,
author ={Kari},
title = {BEAUTY OF NATURAL MAPPING},
year={2008},
month=sep,
url = {http://karikariboberry.blogspot.be/2008/09/natural-mapping.html}
}

@ONLINE{iOs61,
author ={Apple},
title = {Apple Updates iOS to 6.1},
year={2013},
month=jan,
url = {http://www.apple.com/pr/library/2013/01/28Apple-Updates-iOS-to-6-1.html}
}

@ONLINE{ABI-android,
author ={ABI research},
title = {Android Ecosystem Takes the Baton from Apple iPad in the Tablet Race},
year={2013},
month=sep,
url = {https://www.abiresearch.com/press/android-ecosystem-takes-the-baton-from-apple-ipad-}
}

@inproceedings{engelbart1968research,
  title={A research center for augmenting human intellect},
  author={Engelbart, Douglas C and English, William K},
  booktitle={Proceedings of the December 9-11, 1968, fall joint computer conference, part I},
  pages={395--410},
  year={1968},
  organization={ACM}
}

@ONLINE{flatVSskeuomorphisme,
author ={Rabiot Mathias},
title = {FLAT DESIGN VS SKEUMORPHISME: LE MATCH !, http://www.grapheine.com/divers/flat-design-vs-skeumorphisme},
year={2013 [Accessed 26 Dec 2013]},
month=sep,
url = {http://www.grapheine.com/divers/flat-design-vs-skeumorphisme}
}

@ONLINE{windows8Survey,
author ={Forumwindows8},
title = {Windows 8 survey, half prefer windows 7, http://www.forumswindows8.com/general-discussion/windows-8-survey-half-prefer-windows-7-a-7853.htm},
year={2012 [Accessed 26 Dec 2013]},
month=sep,
url = {http://www.forumswindows8.com/general-discussion/windows-8-survey-half-prefer-windows-7-a-7853.htm}
}


@ONLINE{jpAnalitics,
author ={Hou, Kai-Chun, Ho, Chun-Heng},
title = {A preliminary study on aesthetic of apps icon design, http://design-cu.jp/iasdr2013/papers/1811-1b.pdf},
year={after March 2013 [Accessed 26 Dec 2013]},
url = {http://design-cu.jp/iasdr2013/papers/1811-1b.pdf}
}
<<<<<<< HEAD


http://design-cu.jp/iasdr2013/papers/1811-1b.pdf
=======
>>>>>>> d044279e12d13ea24232383a8cd48e2488cd0cde
